<?xml version="1.0" encoding="UTF-8"?>
<record xmlns="http://www.loc.gov/MARC21/slim">
   <leader>01031cam a2200265   4500</leader>
   <controlfield tag="001">2534038</controlfield>
   <controlfield tag="003">NjP</controlfield>
   <controlfield tag="005">20170830172426.0</controlfield>
   <controlfield tag="008">900926s1954    ly           f000 0 arar </controlfield>
   <datafield tag="024" ind1="7" ind2=" ">
      <subfield code="a">princeton_aco003630</subfield>
      <subfield code="2">local</subfield>
   </datafield>
   <datafield ind1=" " ind2=" " tag="010">
      <subfield code="a">   59054773  </subfield>
   </datafield>
   <datafield ind1=" " ind2=" " tag="035">
      <subfield code="a">(OCoLC)ocm22438981</subfield>
   </datafield>
   <datafield ind1=" " ind2=" " tag="035">
      <subfield code="9">CLY0422TS</subfield>
   </datafield>
   <datafield ind1=" " ind2=" " tag="040">
      <subfield code="a">DLC</subfield>
      <subfield code="c">WAU</subfield>
      <subfield code="d">PUL</subfield>
   </datafield>
   <datafield ind1=" " ind2=" " tag="043">
      <subfield code="a">f-ly---</subfield>
   </datafield>
   <datafield ind1="1" ind2=" " tag="110">
      <subfield code="a">Libya.</subfield>
      <subfield code="k">Laws, statutes, etc.</subfield>
      <subfield code="0">http://id.loc.gov/authorities/names/n79066419</subfield>
   </datafield>
   <datafield ind1="0" ind2="0" tag="245">
      <subfield code="a">Qānūn al-murāfaʻāt al-madanīyah wa-al-tijārīyah wa-qānūn nizām al-qaḍā;</subfield>
      <subfield code="b">al-Jarīdah al-Rasmīyah lil-Mamlakaḥ al-Lībīyah al-Muttaḥidah.</subfield>
   </datafield>
   <datafield ind1=" " ind2=" " tag="250">
      <subfield code="a">ʻAdad khāṣṣ,</subfield>
      <subfield code="b">nushirat bi-amr Wazīr al-ʻAdl bi-tārīkh 20 Fibrāyir 1954.</subfield>
   </datafield>
   <datafield ind1=" " ind2=" " tag="260">
      <subfield code="a">[Binghāzī?</subfield>
      <subfield code="c">1954?]</subfield>
   </datafield>
   <datafield ind1=" " ind2=" " tag="300">
      <subfield code="a">15, 281 p.</subfield>
      <subfield code="c">23 cm.</subfield>
   </datafield>
   <datafield ind1=" " ind2="0" tag="650">
      <subfield code="a">Civil procedure</subfield>
      <subfield code="z">Libya.</subfield>
   </datafield>
   <datafield ind1=" " ind2="0" tag="650">
      <subfield code="a">Commercial courts</subfield>
      <subfield code="z">Libya.</subfield>
   </datafield>
   <datafield ind1=" " ind2="0" tag="650">
      <subfield code="a">Courts</subfield>
      <subfield code="z">Libya.</subfield>
   </datafield>
   <datafield ind1=" " ind2="0" tag="650">
      <subfield code="a">Justice, Administration of</subfield>
      <subfield code="z">Libya.</subfield>
   </datafield>
   <datafield ind1=" " ind2=" " tag="945">
      <subfield code="a">F</subfield>
      <subfield code="b">1</subfield>
      <subfield code="c">75786.585.2</subfield>
   </datafield>
   <datafield ind1=" " ind2=" " tag="911">
      <subfield code="a">19990912</subfield>
   </datafield>
   <datafield ind1="0" ind2="0" tag="852">
      <subfield code="0">2837207</subfield>
      <subfield code="b">rcppa</subfield>
      <subfield code="t">1</subfield>
      <subfield code="h">KSP1710</subfield>
      <subfield code="i">.L539 1954</subfield>
      <subfield code="x">tr fr f</subfield>
   </datafield>
   <datafield ind1=" " ind2=" " tag="959">
      <subfield code="a">2008-10-16 15:09:46 -0400</subfield>
   </datafield>
</record>
